@inproceedings{
	dompierre1999,
	title={How to subdivide pyramids, prisms, and hexahedra into tetrahedra},
	author={J. Dompierre and P. Labb{\'e} and M.-G. Vallet and R. Camarero},
	booktitle={IMR},
	year={1999},
	pages={195--204}
}

@misc{
	stanford_scanning,
	key={Stanford University Computer Graphics Laboratory},
	title={Stanford 3D scanning repository},
	howpublished={\url{http://graphics.stanford.edu/data/3Dscanrep/}},
	shorthand={StfUn}
}

@misc{
	vizir4,
	key={Gamma project-team},
	title={Vizir},
	howpublished={\url{https://pyamg.saclay.inria.fr/vizir4.html}}
}

@misc{
	shingle,
	key={Shingle},
	title={Shingle project},
	howpublished={\url{https://github.com/shingleproject/Shingle}}
}

@article{
	kahn,
	title={Topological sorting of large networks},
	author={A. B. Kahn},
	journal={Commun. ACM},
	volume={5},
	number={11},
	pages={558â€“562},
	year={1962}
}
